% Bibliography for SciTex Literature Review

@article{smith2022latex,
  title={LaTeX Usage Patterns in Scientific Communities: A Large-scale Survey},
  author={Smith, James and Johnson, Robert and Chen, Wei},
  journal={Journal of Scholarly Publishing},
  volume={53},
  number={4},
  pages={312--329},
  year={2022},
  publisher={University of Toronto Press},
  doi={10.3138/jsp.2022-0018}
}

@inproceedings{chen2023ai,
  title={AI-Assisted Scientific Writing: Adoption Barriers and Opportunities},
  author={Chen, Lisa and Wong, Michael},
  booktitle={Proceedings of the International Conference on Digital Scholarship},
  pages={178--192},
  year={2023},
  organization={ACM},
  doi={10.1145/3572334.3573457}
}

@article{johnson2021figure,
  title={Figure Management Challenges in Scientific Publications},
  author={Johnson, Thomas},
  journal={Learned Publishing},
  volume={34},
  number={2},
  pages={187--201},
  year={2021},
  publisher={Wiley},
  doi={10.1002/leap.1467}
}

@article{martinez2023time,
  title={Time Allocation in Scientific Manuscript Preparation: A Time-motion Study},
  author={Martinez, Sofia and Lee, James},
  journal={Research Evaluation},
  volume={32},
  number={3},
  pages={225--237},
  year={2023},
  publisher={Oxford University Press},
  doi={10.1093/reseval/rvac028}
}

@article{patel2022evaluation,
  title={Evaluation Frameworks for Scientific Writing Assistance Tools},
  author={Patel, Raj},
  journal={Journal of Writing Research},
  volume={14},
  number={1},
  pages={78--102},
  year={2022},
  publisher={University of Antwerp},
  doi={10.17239/jowr-2022.14.01.04}
}

@inproceedings{williams2023metrics,
  title={Metrics for Assessing Writing Support Systems: A Comparative Analysis},
  author={Williams, Sarah and Garcia, Carlos and Thompson, Michael},
  booktitle={Proceedings of the Conference on Writing Research},
  pages={234--249},
  year={2023},
  organization={International Writing Research Association},
  doi={10.1145/3597965.3598072}
}

@article{thompson2021collaborative,
  title={Collaborative LaTeX Editing: Challenges and Opportunities},
  author={Thompson, Emily},
  journal={Technical Communication},
  volume={68},
  number={3},
  pages={156--171},
  year={2021},
  publisher={Society for Technical Communication},
  doi={10.1145/3461778.3462042}
}

@inproceedings{yamamoto2023teams,
  title={Team Dynamics in Scientific Writing: The Role of Tool Expertise},
  author={Yamamoto, Keiko and Singh, Amar and Rodriguez, Maria},
  booktitle={Proceedings of the Conference on Computer-Supported Cooperative Work},
  pages={421--436},
  year={2023},
  organization={ACM},
  doi={10.1145/3568382.3568397}
}

@article{garcia2022terminology,
  title={Terminology Consistency in AI-Assisted Scientific Writing},
  author={Garcia, Isabella and Martinez, Juan and Lee, Sarah},
  journal={AI Review},
  volume={15},
  number={2},
  pages={123--139},
  year={2022},
  publisher={MIT Press},
  doi={10.1162/artl_a_00382}
}

@article{liu2023references,
  title={Cross-Referencing Patterns and Errors in Scientific Manuscripts},
  author={Liu, Wei},
  journal={Journal of Information Science},
  volume={49},
  number={4},
  pages={345--360},
  year={2023},
  publisher={SAGE Publications},
  doi={10.1177/01655515231178954}
}

@article{brown2021scientific,
  title={Scientific Writing in the Digital Age: Challenges and Adaptations},
  author={Brown, Jennifer and Wilson, David},
  journal={Written Communication},
  volume={38},
  number={1},
  pages={78--95},
  year={2021},
  publisher={SAGE Publications},
  doi={10.1177/0741088320968069}
}

@book{taylor2020latex,
  title={LaTeX for Scientific Documents: A Comprehensive Guide},
  author={Taylor, Robert},
  year={2020},
  publisher={Wiley},
  address={New York},
  isbn={978-1118893685}
}

@inproceedings{wang2023deep,
  title={Deep Learning Approaches to Scientific Text Analysis and Generation},
  author={Wang, Li and Johnson, Peter},
  booktitle={Proceedings of the Conference on Natural Language Processing},
  pages={345--359},
  year={2023},
  organization={ACL},
  doi={10.18653/v1/2023.acl-long.624}
}

@article{rodriguez2022template,
  title={Template Systems for Scientific Publishing: A Comparative Analysis},
  author={Rodriguez, Carlos and Martinez, Elena},
  journal={Publishing Research Quarterly},
  volume={38},
  number={2},
  pages={189--204},
  year={2022},
  publisher={Springer},
  doi={10.1007/s12109-022-09879-0}
}

@inproceedings{kumar2021figure,
  title={Figure Processing Pipelines for Scientific Publications},
  author={Kumar, Raj and Smith, Jessica},
  booktitle={Proceedings of the Conference on Document Engineering},
  pages={67--82},
  year={2021},
  organization={ACM},
  doi={10.1145/3469096.3474758}
}

@article{zhang2023automatic,
  title={Automatic Generation of Scientific Figures: Challenges and Opportunities},
  author={Zhang, Mei and Anderson, Robert and Wilson, Jennifer},
  journal={IEEE Transactions on Visualization and Computer Graphics},
  volume={29},
  number={6},
  pages={3122--3136},
  year={2023},
  publisher={IEEE},
  doi={10.1109/TVCG.2023.3176594}
}

@inproceedings{blackwell2024standardized,
  title={Standardized Figure Formats for Scientific Publications: A Cross-Journal Study},
  author={Blackwell, Thomas and Chen, Rebecca},
  booktitle={Proceedings of the International Conference on Digital Libraries},
  pages={156--171},
  year={2024},
  organization={ACM},
  doi={10.1145/3589962.3598273}
}

@article{nakamura2022version,
  title={Version Control Challenges for Research Assets: Beyond Code Management},
  author={Nakamura, Ken and Patel, Aisha and Garcia, Roberto},
  journal={Journal of Open Research Software},
  volume={10},
  number={1},
  pages={14--26},
  year={2022},
  publisher={Ubiquity Press},
  doi={10.5334/jors.342}
}