% This is a sample bibliography file for the SciTex template
% It demonstrates various types of references in BibTeX format

@article{Smith2020,
    title = {Challenges in Scientific Writing: A Survey of Researchers in Biomedical Fields},
    author = {Smith, Robert and Johnson, Emily and Garcia, Carlos},
    journal = {Journal of Scientific Communication},
    volume = {45},
    number = {3},
    pages = {112--128},
    year = {2020},
    doi = {10.1234/jsc.2020.45.3.112}
}

@article{Johnson2023,
    title = {AI-Assisted Technical Writing: Improvements in Efficiency and Quality},
    author = {Johnson, Maria and Patel, Raj and Williams, Susan},
    journal = {Artificial Intelligence Applications},
    volume = {12},
    number = {2},
    pages = {78--95},
    year = {2023},
    doi = {10.1234/aia.2023.12.2.78}
}

@article{Williams2021,
    title = {Document Templates in Academic Writing: Usage Patterns and Effectiveness},
    author = {Williams, Thomas and Chen, Li and Anderson, Patricia},
    journal = {Research in Scientific Education},
    volume = {33},
    number = {4},
    pages = {405--422},
    year = {2021},
    doi = {10.1234/rse.2021.33.4.405}
}

@book{Garcia2019,
    title = {LaTeX for Scientific Documentation: Best Practices and Common Pitfalls},
    author = {Garcia, Miguel and Thompson, Sarah},
    publisher = {Academic Press},
    address = {New York},
    year = {2019},
    isbn = {978-1-234-56789-0}
}

@article{Taylor2022,
    title = {Version Control Systems in Academic Research: Adoption and Benefits},
    author = {Taylor, James and Wong, Linda and Nakamura, Hiroshi},
    journal = {Digital Scholarship in the Humanities},
    volume = {37},
    number = {1},
    pages = {45--60},
    year = {2022},
    doi = {10.1234/dsh.2022.37.1.45}
}

@article{Lee2018,
    title = {Time Allocation in Scientific Research: A Longitudinal Study},
    author = {Lee, David and Martinez, Ana and Kim, Joon},
    journal = {Research Policy},
    volume = {47},
    number = {3},
    pages = {215--231},
    year = {2018},
    doi = {10.1234/rp.2018.47.3.215}
}

@article{Robinson2023,
    title = {Efficiency in Scientific Writing: Tools and Approaches},
    author = {Robinson, Allen and Gupta, Priya and MÃ¼ller, Klaus},
    journal = {Scientific Communication Today},
    volume = {14},
    number = {2},
    pages = {89--102},
    year = {2023},
    doi = {10.1234/sct.2023.14.2.89}
}

@article{Edwards2019,
    title = {Terminology Consistency in Scientific Publications: Challenges and Solutions},
    author = {Edwards, Jennifer and Yamada, Takeshi and Brown, Michael},
    journal = {Journal of Technical Writing and Communication},
    volume = {49},
    number = {3},
    pages = {334--349},
    year = {2019},
    doi = {10.1234/jtwc.2019.49.3.334}
}

@article{Patel2022,
    title = {Democratizing Scientific Publishing: Access to Tools and Resources},
    author = {Patel, Sanjay and O'Connor, Emma and Zhao, Wei},
    journal = {Science and Society},
    volume = {10},
    number = {4},
    pages = {210--225},
    year = {2022},
    doi = {10.1234/ss.2022.10.4.210}
}

@inproceedings{Zhang2021,
    title = {LaTeX Templates for Reproducible Research},
    author = {Zhang, Min and Wilson, Rachel and Al-Farsi, Ahmed},
    booktitle = {Proceedings of the International Conference on Scientific Documentation},
    pages = {145--152},
    year = {2021},
    address = {Toronto, Canada},
    doi = {10.1234/icsd.2021.123}
}

@misc{OpenAI2023,
    title = {GPT-4 Technical Report},
    author = {{OpenAI}},
    year = {2023},
    howpublished = {\url{https://arxiv.org/abs/2303.08774}},
    note = {Accessed: 2025-05-01}
}

@article{combrisson_tensorpac_2020,
    title = {Tensorpac: {An} open-source {Python} toolbox for tensor-based phase-amplitude coupling measurement in electrophysiological brain signals},
    volume = {16},
    issn = {1553-7358},
    shorttitle = {Tensorpac},
    doi = {10.1371/journal.pcbi.1008302},
    language = {eng},
    number = {10},
    journal = {PLoS computational biology},
    author = {Combrisson, Etienne and Nest, Timothy and Brovelli, Andrea and Ince, Robin A. A. and Soto, Juan L. P. and Guillot, Aymeric and Jerbi, Karim},
    month = oct,
    year = {2020},
    pmid = {33119593},
    pmcid = {PMC7654762},
    pages = {e1008302},
}