% Example bibliography file for the SciTex system

@article{smith2010scientific,
  title={Scientific writing and publishing: Its importance to radiologists},
  author={Smith, Geoffrey D},
  journal={American Journal of Roentgenology},
  volume={194},
  number={6},
  pages={1443--1447},
  year={2010},
  publisher={American Roentgen Ray Society}
}

@book{lamport1994latex,
  title={\LaTeX: A Document Preparation System},
  author={Lamport, Leslie},
  year={1994},
  publisher={Addison-Wesley},
  address={Reading, MA},
  edition={2nd}
}

@article{johnson2015academic,
  title={Academic writing challenges faced by graduate students},
  author={Johnson, Albert and Smith, Jane and Thompson, Mark},
  journal={Journal of Academic Writing},
  volume={5},
  number={2},
  pages={93--107},
  year={2015}
}

@article{watanabe2025scitex,
  title={SciTex: An integrated system for AI-assisted scientific manuscript preparation},
  author={Watanabe, Y and Johnson, R and Chen, S},
  journal={Scientific Communication Technology},
  volume={12},
  number={3},
  pages={234--249},
  year={2025},
  publisher={Science Publishing Group}
}

@article{williams2018challenges,
  title={Challenges in scientific writing for non-native English speakers},
  author={Williams, Thomas and Garcia, Rosa},
  journal={International Journal of Scientific Communication},
  volume={8},
  number={4},
  pages={121--135},
  year={2018}
}

@article{brown2020language,
  title={Language models are few-shot learners},
  author={Brown, Tom B and Mann, Benjamin and Ryder, Nick and Subbiah, Melanie and Kaplan, Jared and Dhariwal, Prafulla and Neelakantan, Arvind and Shyam, Pranav and Sastry, Girish and Askell, Amanda and others},
  journal={Advances in Neural Information Processing Systems},
  volume={33},
  pages={1877--1901},
  year={2020}
}

@article{lee2022ai,
  title={AI-assisted scientific writing: Exploring the use of large language models in academic publishing},
  author={Lee, Jennifer and Park, David and Wilson, Emma},
  journal={Journal of Scholarly Publishing},
  volume={54},
  number={1},
  pages={45--62},
  year={2022}
}

@inproceedings{thompson2023integrated,
  title={Integrated writing environments: Combining AI assistance with document preparation systems},
  author={Thompson, Alice and Rodriguez, Carlos},
  booktitle={Proceedings of the Conference on Scientific Communication Technologies},
  pages={321--335},
  year={2023},
  organization={IEEE}
}

@article{braun2006using,
  title={Using thematic analysis in psychology},
  author={Braun, Virginia and Clarke, Victoria},
  journal={Qualitative Research in Psychology},
  volume={3},
  number={2},
  pages={77--101},
  year={2006},
  publisher={Taylor \& Francis}
}

@article{chen2022ai,
  title={AI writing assistants: Current applications and challenges},
  author={Chen, Xiaoli and Patel, Raj and Kim, Sarah},
  journal={AI Review},
  volume={18},
  pages={225--246},
  year={2022}
}

@article{roberts2023future,
  title={The future of scientific writing in the age of AI},
  author={Roberts, Alan and Jimenez, Maria},
  journal={Nature Human Behaviour},
  volume={7},
  number={3},
  pages={298--304},
  year={2023},
  publisher={Nature Publishing Group}
}

@article{glass2020time,
  title={Time allocation in academic research: A longitudinal study of professors' work patterns},
  author={Glass, Catherine K and Rivera, Luis},
  journal={Higher Education Research},
  volume={39},
  number={2},
  pages={187--203},
  year={2020}
}

@article{kim2019adoption,
  title={Adoption barriers to LaTeX in scientific publishing},
  author={Kim, Joon and Singh, Amar and Zhang, Wei},
  journal={Journal of Scientific Document Preparation},
  volume={12},
  number={4},
  pages={78--94},
  year={2019}
}

@article{patel2024evolution,
  title={Evolution of scientific writing styles: Impact of digital tools and AI assistance},
  author={Patel, Nikhil and Yamamoto, Keiko},
  journal={Digital Scholarship in the Humanities},
  volume={39},
  number={1},
  pages={45--67},
  year={2024},
  publisher={Oxford University Press}
}

@article{nature2023editorial,
  title={AI tools for writing and publishing: Transparency is key},
  author={{Nature Editorial}},
  journal={Nature},
  volume={615},
  number={7950},
  pages={7},
  year={2023},
  publisher={Nature Publishing Group}
}