@article{smith2020example,
  title={An Example Article for Testing},
  author={Smith, John and Johnson, Emily},
  journal={Journal of Testing},
  volume={45},
  number={2},
  pages={123--145},
  year={2020},
  publisher={Test Publisher}
}

@book{brown2018introduction,
  title={Introduction to Scientific Writing},
  author={Brown, Robert and White, Susan},
  year={2018},
  publisher={Academic Press},
  address={New York}
}

@inproceedings{miller2019automated,
  title={Automated Tools for Scientific Writing},
  author={Miller, David and Garcia, Maria},
  booktitle={Proceedings of the International Conference on Scientific Communication},
  pages={78--85},
  year={2019},
  organization={ICSC}
}

@article{wilson2021ai,
  title={AI-Assisted Scientific Writing: A Review},
  author={Wilson, James and Lee, Sarah and Thompson, Michael},
  journal={Artificial Intelligence in Research},
  volume={12},
  number={3},
  pages={256--270},
  year={2021},
  publisher={AI Research Group}
}

@techreport{davis2017template,
  title={Template Systems for Scientific Documents},
  author={Davis, Patricia and Anderson, Thomas},
  year={2017},
  institution={Technical University},
  number={TR-2017-05}
}